@INPROCEEDINGS{paige2009model,
  author={Paige, Richard F. and Kolovos, Dimitrios S. and Rose, Louis M. and Drivalos, Nicholas and Polack, Fiona A.C.},
  booktitle={2009 14th IEEE International Conference on Engineering of Complex Computer Systems}, 
  title={The Design of a Conceptual Framework and Technical Infrastructure for Model Management Language Engineering}, 
  year={2009},
  volume={},
  number={},
  pages={162-171},
  doi={10.1109/ICECCS.2009.14}}